
@article{Hector4,
author = {Hector Gonzalez,Jiawei Han, Xiaolei Li and Diego Klabjan },
title = {Warehousing and Analyzing Massive RFID Data Sets},
journal = {ICDE},
volume = {},
number = {},
year = {2006},
pages = {83}
}

@article{Hector5,
author = {Hector Gonzalez,Jiawei Han and Xiaolei Li  },
title = {FlowCube:Constructing RFID FlowCubes for Multi-Dimensional Analysis of Commodity Flows},
journal = {},
volume = {},
number = {},
year = {2006},
pages = {834-845}
}

@article{Li7,
author = {Xiaolei Li, Jiawei Han, Sangkyum Kim and Hector Gonzalez },
title = {ROAM: Rule- and Motif-Based Anomaly Detection in Massive Moving Object Data Sets},
journal = {SDM},
volume = {},
number = {},
year = {2007},
pages = {}
}

@article{Lee10,
author = {J.-G. Lee, J. Han, and X. Li. },
title = {Trajectory outlier detection: A partition-and-detect framework},
journal = {Proc. 24th Int'l Conf. on Data Engineering},
volume = {},
number = {},
year = {2008},
pages = {140-149}
}

@article{Betsy13,
author = {Betsy George, James M. Kang, Shashi Shekhar},
title = {Spatio-Temporal Sensor Graphs (STSG): A data model for the discovery of spatiotemporal patterns},
journal = {Intell. Data Anal},
volume = {},
number = {},
year = {2009},
pages = {457-475}
}